<?xml version="1.0" encoding="UTF-8"?><collection xmlns="http://www.loc.gov/MARC21/slim"><record><leader>00482nam--2200169-i-4500</leader><controlfield tag="001">000020145</controlfield><controlfield tag="002">20161230</controlfield><controlfield tag="005">20161230201033</controlfield><controlfield tag="008">060222s1000------------r-----000-0-eng-d</controlfield><datafield ind1=" " ind2=" " tag="040"><subfield code="a">IFIN-HH</subfield></datafield><datafield ind1=" " ind2=" " tag="080"><subfield code="a">548.4:539.12.043</subfield></datafield><datafield ind1="1" ind2=" " tag="100"><subfield code="a">Fitzgerald, Edwin R</subfield></datafield><datafield ind1="1" ind2="0" tag="245"><subfield code="a">Particle waves and deformation in crystalline solids</subfield><subfield code="c">Edwin r. fitzgerald</subfield></datafield><datafield ind1=" " ind2=" " tag="260"><subfield code="a">New York</subfield><subfield code="b">Interscience Publishers</subfield><subfield code="c">1966</subfield></datafield><datafield ind1=" " ind2=" " tag="300"><subfield code="a">XI + 249 P</subfield></datafield><datafield ind1=" " ind2=" " tag="852"><subfield code="a">24798</subfield><subfield code="c">539.2</subfield></datafield><datafield ind1=" " ind2=" " tag="CAT"><subfield code="a">Sys</subfield><subfield code="c">20121012</subfield><subfield code="h">132640</subfield></datafield></record></collection>